<record><leader>00000cas a2200000 a 4500</leader><controlfield tag="001">8821682</controlfield><controlfield tag="008">820930d185218uuiluwr ne      0   a0eng  </controlfield><datafield ind1=" " ind2=" " tag="010"><subfield code="a">sn 82015569 </subfield></datafield><datafield ind1=" " ind2=" " tag="040"><subfield code="a">DLC</subfield><subfield code="b">eng</subfield><subfield code="c">DLC</subfield><subfield code="d">KNP</subfield><subfield code="d">NVF</subfield><subfield code="d">KNP</subfield><subfield code="d">NVF</subfield><subfield code="d">OCL</subfield><subfield code="d">NVF</subfield><subfield code="d">OCLCO</subfield><subfield code="d">OCLCQ</subfield><subfield code="d">OCLCF</subfield></datafield><datafield ind1="1" ind2=" " tag="029"><subfield code="a">AU@</subfield><subfield code="b">000020225424</subfield></datafield><datafield ind1=" " ind2=" " tag="042"><subfield code="a">pcc</subfield></datafield><datafield ind1=" " ind2=" " tag="043"><subfield code="a">n-us-il</subfield></datafield><datafield ind1="0" ind2="0" tag="050"><subfield code="a">Newspaper 7574-X</subfield></datafield><datafield ind1="0" ind2=" " tag="130"><subfield code="a">Urbana union (Urbana, Ill.)</subfield></datafield><datafield ind1="1" ind2="0" tag="245"><subfield code="a">Urbana union.</subfield></datafield><datafield ind1=" " ind2=" " tag="260"><subfield code="a">Urbana, Ill. :</subfield><subfield code="b">Wm. N. Coler and Henry K. Davis,</subfield><subfield code="c">1852-[18--?]</subfield></datafield><datafield ind1="2" ind2=" " tag="260"><subfield code="3">&lt;July 21, 1853&gt;-Apr. 13, 1854</subfield><subfield code="a">Urbana, Ill. :</subfield><subfield code="b">Joseph O. Cunningham and Benjamin A. Roney</subfield></datafield><datafield ind1="2" ind2=" " tag="260"><subfield code="3">Apr. 20-May 18, 1854</subfield><subfield code="a">Urbana, Ill. :</subfield><subfield code="b">Joseph O. Cunningham</subfield></datafield><datafield ind1="2" ind2=" " tag="260"><subfield code="3">June 8, 1854-Sept. 6, 1855</subfield><subfield code="a">Urbana, Ill. :</subfield><subfield code="b">Joseph O. Cunningham &amp; G.N. Richards</subfield></datafield><datafield ind1="2" ind2=" " tag="260"><subfield code="3">Sept. 13, 1855-&lt;Aug. 19, 1858&gt;</subfield><subfield code="a">Urbana, Ill. :</subfield><subfield code="b">Joseph O. Cunningham &amp; G.W. Flynn</subfield></datafield><datafield ind1="3" ind2=" " tag="260"><subfield code="3">&lt;Aug. 11, 1859&gt;</subfield><subfield code="a">West Urbana [Champaign], Ill. :</subfield><subfield code="b">David S. Crandall &amp; Charles E. Crandall</subfield></datafield><datafield ind1=" " ind2=" " tag="300"><subfield code="a">v.</subfield></datafield><datafield ind1=" " ind2=" " tag="310"><subfield code="a">Weekly</subfield></datafield><datafield ind1="1" ind2=" " tag="362"><subfield code="a">Began in 1852.</subfield></datafield><datafield ind1=" " ind2=" " tag="515"><subfield code="a">Issue for Aug. 11, 1859 called also whole no. 348.</subfield></datafield><datafield ind1=" " ind2=" " tag="588"><subfield code="a">Description based on: Vol. 1, no. 4 (Oct. 21, 1852).</subfield></datafield><datafield ind1=" " ind2=" " tag="588"><subfield code="a">Latest issue consulted: Vol. 7, no. 11 (Aug. 11, 1859).</subfield></datafield><datafield ind1=" " ind2="0" tag="651"><subfield code="a">Champaign (Ill.)</subfield><subfield code="v">Newspapers.</subfield></datafield><datafield ind1=" " ind2="0" tag="651"><subfield code="a">Urbana (Ill.)</subfield><subfield code="v">Newspapers.</subfield></datafield><datafield ind1=" " ind2="7" tag="655"><subfield code="a">Newspapers.</subfield><subfield code="2">fast</subfield><subfield code="0">(OCoLC)fst01423814</subfield></datafield><datafield ind1=" " ind2="7" tag="651"><subfield code="a">Illinois</subfield><subfield code="z">Champaign.</subfield><subfield code="2">fast</subfield><subfield code="0">(OCoLC)fst01207150</subfield></datafield><datafield ind1=" " ind2="7" tag="651"><subfield code="a">Illinois</subfield><subfield code="z">Urbana.</subfield><subfield code="2">fast</subfield><subfield code="0">(OCoLC)fst01211927</subfield></datafield><datafield ind1=" " ind2=" " tag="752"><subfield code="a">United States</subfield><subfield code="b">Illinois</subfield><subfield code="c">Champaign</subfield><subfield code="d">Champaign.</subfield></datafield><datafield ind1=" " ind2=" " tag="752"><subfield code="a">United States</subfield><subfield code="b">Illinois</subfield><subfield code="c">Champaign</subfield><subfield code="d">Urbana.</subfield></datafield><datafield ind1=" " ind2=" " tag="752"><subfield code="a">United States</subfield><subfield code="b">Illinois</subfield><subfield code="c">Champaign</subfield><subfield code="d">West Urbana.</subfield></datafield><datafield ind1="0" ind2="0" tag="785"><subfield code="t">Champaign County union</subfield><subfield code="w">(DLC)sn 88061254</subfield><subfield code="w">(OCoLC)18610354</subfield></datafield></record>